@article{ascher1995implicit,
  title={Implicit-explicit methods for time-dependent partial differential equations},
  author={Ascher, Uri M. and Ruuth, Steven J. and Wetton, Brian T.R.},
  journal={SIAM Journal on Numerical Analysis},
  volume={32},
  number={3},
  pages={797--823},
  year={1995},
  publisher={SIAM}
}

@inproceedings{bertalmio2000image,
  title={Image inpainting},
  author={Bertalmio, Marcelo and Sapiro, Guillermo and Caselles, Vincent and Ballester, Coloma},
  booktitle={Proceedings of the 27th annual conference on Computer graphics and interactive techniques},
  pages={417--424},
  year={2000},
  organization={ACM Press/Addison-Wesley Publishing Co.}
}

@article{bertozzi2011biharmonic,
	title={A biharmonic-modified forward time stepping method for fourth order nonlinear diffusion equations},
	author={Bertozzi, Andrea L and Ju, Ning and Lu, Hsiang-Wei},
	journal={Discrete Contin. Dyn. Syst},
	volume={29},
	number={4},
	pages={1367--1391},
	year={2011}
}

@article{bredies2010total,
  title={Total generalized variation},
  author={Bredies, Kristian and Kunisch, Karl and Pock, Thomas},
  journal={SIAM Journal on Imaging Sciences},
  volume={3},
  number={3},
  pages={492--526},
  year={2010},
  publisher={SIAM}
}

@article{bresson2007fast,
	title={Fast global minimization of the active contour/snake model},
	author={Bresson, Xavier and Esedo\={g}lu, Selim and Vandergheynst, Pierre and Thiran, Jean-Philippe and Osher, Stanley},
	journal={Journal of Mathematical Imaging and vision},
	volume={28},
	number={2},
	pages={151--167},
	year={2007},
	publisher={Springer}
}


@article{candes2006robust,
author={Cand{\'e}s, E.J. and Romberg, J. and Tao, T.},
journal={Information Theory, IEEE Transactions on},
title={Robust uncertainty principles: exact signal reconstruction from highly 
incomplete frequency information},
year={2006},
volume={52},
number={2},
pages={489-509},
keywords={Fourier analysis;convex programming;image reconstruction;image 
sampling;indeterminancy;linear programming;minimisation;piecewise constant 
techniques;probability;signal reconstruction;signal sampling;sparse 
matrices;Fourier coefficient;convex optimization;discrete-time signal;image 
reconstruction;incomplete frequency information;linear programming;minimization 
problem;nonlinear sampling theorem;piecewise constant object;probability 
value;robust uncertainty principle;signal reconstruction;sparse random 
matrix;trigonometric expansion;Biomedical imaging;Frequency;Image 
reconstruction;Linear programming;Mathematics;Robustness;Sampling methods;Signal 
processing;Signal reconstruction;Uncertainty;Convex optimization;duality in 
optimization;free probability;image reconstruction;linear programming;random 
matrices;sparsity;total-variation minimization;trigonometric 
expansions;uncertainty principle},
doi={10.1109/TIT.2005.862083},
ISSN={0018-9448},
month={Feb},}

@article {candes2006stable,
author = {Cand{\'e}s, Emmanuel J. and Romberg, Justin K. and Tao, Terence},
title = {Stable signal recovery from incomplete and inaccurate measurements},
journal = {Communications on Pure and Applied Mathematics},
volume = {59},
number = {8},
publisher = {Wiley Subscription Services, Inc., A Wiley Company},
issn = {1097-0312},
url = {http://dx.doi.org/10.1002/cpa.20124},
doi = {10.1002/cpa.20124},
pages = {1207--1223},
year = {2006},
}

@article{caselles1997geodesic,
	title={Geodesic active contours},
	author={Caselles, Vicent and Kimmel, Ron and Sapiro, Guillermo},
	journal={International journal of computer vision},
	volume={22},
	number={1},
	pages={61--79},
	year={1997},
	publisher={Springer}
}

@article{chan2001active,
	title={Active contours without edges},
	author={Chan, Tony F and Vese, Luminita A},
	journal={IEEE Transactions on image processing},
	volume={10},
	number={2},
	pages={266--277},
	year={2001},
	publisher={IEEE}
}

@article{chan2006algorithms,
	title={Algorithms for finding global minimizers of image segmentation and denoising models},
	author={Chan, Tony F and Esedo\={g}lu, Selim and Nikolova, Mila},
	journal={SIAM journal on applied mathematics},
	volume={66},
	number={5},
	pages={1632--1648},
	year={2006},
	publisher={SIAM}
}

@article{choksi2009phase,
  title={On the phase diagram for microphase separation of diblock copolymers: {A}n approach via a nonlocal {C}ahn-{H}illiard functional},
  author={Choksi, Rustum and Peletier, Mark A. and Williams, JF},
  journal={SIAM Journal on Applied Mathematics},
  volume={69},
  number={6},
  pages={1712--1738},
  year={2009},
  publisher={SIAM}
}

@article{choksi20112d,
  title={2{D} phase diagram for minimizers of a {C}ahn-{H}illiard functional with long-range interactions},
  author={Choksi, Rustum and Maras, Mirjana and Williams, JF},
  journal={SIAM Journal on Applied Dynamical Systems},
  volume={10},
  number={4},
  pages={1344--1362},
  year={2011},
  publisher={SIAM}
}

@misc{cpmcodes,
  title = {Closest point method software},
  howpublished = 
{\url{https://github.com/cbm755/cp_matrices}},
  note = {Accessed: 2016-06-24}
}

@article{cox2002exponential,
  title={Exponential time differencing for stiff systems},
  author={Cox, Steven M. and Matthews, Paul C.},
  journal={Journal of Computational Physics},
  volume={176},
  number={2},
  pages={430--455},
  year={2002},
  publisher={Elsevier}
}

@article{davenport2015Constrained,
Author = {Davenport, Mark and Massimino, Andrew and Needell, Deanna and Woolf, 
Tina},
Title = {Constrained Adaptive Sensing},
note = {Submitted},
Year = {2015}
}

@incollection{douglas1971alternating,
	title={Alternating-direction {G}alerkin methods on rectangles},
	booktitle={Numerical Solution of Partial Differential Equations II},
	author={Douglas Jr, Jim and Dupont, Todd},
	year={1971},
	publisher={Academic Press},
	pages={133--214},
	editor={Hubbard, Bert}
}

@article{duchemin2014explicit,
  title={The Explicit--Implicit--Null method: Removing the numerical instability of {PDE}s},
  author={Duchemin, Laurent and Eggers, Jens},
  journal={Journal of Computational Physics},
  volume={263},
  pages={37--52},
  year={2014},
  publisher={Elsevier}
}

@inproceedings{eyre1998unconditionally,
	title={Unconditionally gradient stable time marching the {C}ahn-{H}illiard equation},
	author={Eyre, David J.},
	booktitle={MRS Proceedings},
	volume={529},
	pages={39},
	year={1998},
	organization={Cambridge Univ Press}
}

@article{eyre1998bunconditionally,
	title={An unconditionally stable one-step scheme for gradient systems},
	author={Eyre, David J.},
	journal={Unpublished article},
	year={1998},
	publisher={Citeseer}
}

@book{foucart2013mathematical,
	title={A mathematical introduction to compressive sensing},
	author={Foucart, Simon and Rauhut, Holger},
	year={2013},
	publisher={Birkh{\"a}user}
}

@article{glasner2002diffuse,
	title={A diffuse interface approach to {H}ele--{S}haw flow},
	author={Glasner, Karl},
	journal={Nonlinearity},
	volume={16},
	number={1},
	pages={49},
	year={2002},
	publisher={IOP Publishing}
}

@article{goldstein2009split,
  title={The split {B}regman method for L1-regularized problems},
  author={Goldstein, Tom and Osher, Stanley},
  journal={SIAM Journal on Imaging Sciences},
  volume={2},
  number={2},
  pages={323--343},
  year={2009},
  publisher={SIAM}
}

@article{goldstein2010geometric,
	title={Geometric applications of the split Bregman method: segmentation and surface reconstruction},
	author={Goldstein, Tom and Bresson, Xavier and Osher, Stanley},
	journal={Journal of Scientific Computing},
	volume={45},
	number={1-3},
	pages={272--293},
	year={2010},
	publisher={Springer}
}

@misc{goldsteinsplitcode,
 title = {{Split Bregman}},
author = {Goldstein, Tom},
 howpublished = 
{\url{
http://tag7.web.rice.edu/Split_Bregman.html}},
  note = {Accessed: 2020-03-22}
}

@book{gonzalez2006digital,
	author = {Gonzalez, Rafael C. and Woods, Richard E.},
	title = {Digital Image Processing (3rd Edition)},
	year = {2006},
	isbn = {013168728X},
	publisher = {Prentice-Hall, Inc.},
	address = {USA}
}

@article{gurski2011stab,
author = {Katharine Gurski and Stephen O'Sullivan},
title = {A Stability Study of a New Explicit Numerical Scheme for a System of Differential Equations with a Large Skew-Symmetric Component},
journal = {SIAM Journal on Numerical Analysis},
volume = {49},
number = {1},
pages = {368-386},
year = {2011},
doi = {10.1137/090775804},
URL = {http://dx.doi.org/10.1137/090775804},
eprint = {http://dx.doi.org/10.1137/090775804}
}

@book{haberman1987elementary,
  title={Elementary applied partial differential equations: with Fourier series 
and boundary value problems},
  author={Haberman, R.},
  isbn={9780132528757},
  lccn={lc86017051},
  url={https://books.google.ca/books?id=CTzvAAAAMAAJ},
  year={1987},
  publisher={Prentice-Hall}
}

@book{higham2002accuracy,
  title={Accuracy and Stability of Numerical Algorithms},
  author={Higham, Nicholas J.},
  year={2002},
  publisher={SIAM}
}

@book{higham2008functions,
  title={Functions of Matrices: {T}heory and Computation},
  author={Higham, Nicholas J.},
  year={2008},
  publisher={SIAM}
}

@book{hiriart1993convexI,
	title={Convex analysis and minimization algorithms I: Fundamentals},
	author={Hiriart-Urruty, Jean-Baptiste and Lemar{\'e}chal, Claude},
	volume={305},
	year={1993},
	publisher={Springer-Verlag Berlin Heidelberg}
}

@book{hiriart1993convexII,
	title={Convex analysis and minimization algorithms II: Advanced Theory and Bundle Methods},
	author={Hiriart-Urruty, Jean-Baptiste and Lemar{\'e}chal, Claude},
	volume={306},
	year={1993},
	publisher={Springer-Verlag Berlin Heidelberg}
}

@article{hochbruck1997krylov,
  title={On {K}rylov subspace approximations to the matrix exponential operator},
  author={Hochbruck, Marlis and Lubich, Christian},
  journal={SIAM Journal on Numerical Analysis},
  volume={34},
  number={5},
  pages={1911--1925},
  year={1997},
  publisher={SIAM}
}

@article{hochbruck1998exponential,
  title={Exponential integrators for large systems of differential equations},
  author={Hochbruck, Marlis and Lubich, Christian and Selhofer, Hubert},
  journal={SIAM Journal on Scientific Computing},
  volume={19},
  number={5},
  pages={1552--1574},
  year={1998},
  publisher={SIAM}
}

@article{hochbruck2005explicit,
  title={Explicit exponential {R}unge-{K}utta methods for semilinear parabolic problems},
  author={Hochbruck, Marlis and Ostermann, Alexander},
  journal={SIAM Journal on Numerical Analysis},
  volume={43},
  number={3},
  pages={1069--1090},
  year={2005},
  publisher={SIAM}
}

@article{hochbruck2005exponential,
  title={Exponential {R}unge-{K}utta methods for parabolic problems},
  author={Hochbruck, Marlis and Ostermann, Alexander},
  journal={Applied Numerical Mathematics},
  volume={53},
  number={2},
  pages={323--339},
  year={2005},
  publisher={Elsevier}
}

@article{hochbruck2009exprosenbrock,
  title={Exponential {R}osenbrock-type methods},
  author={Hochbruck, Marlis and Ostermann, Alexander and Schweitzer, Julia},
  journal={SIAM Journal on Numerical Analysis},
  volume={47},
  number={1},
  pages={786--803},
  year={2009},
  publisher={SIAM}
}

@article{hochbruck2010expintegrators,
  title={Exponential integrators},
  author={Hochbruck, Marlis and Ostermann, Alexander},
  journal={Acta Numerica},
  volume={19},
  pages={209--286},
  year={2010},
  publisher={Cambridge Univ Press}
}

@article{hou1994removing,
  title={Removing the stiffness from interfacial flows with surface tension},
  author={Hou, Thomas Y. and Lowengrub, John S. and Shelley, Michael J.},
  journal={Journal of Computational Physics},
  volume={114},
  number={2},
  pages={312--338},
  year={1994},
  publisher={Elsevier}
}

@book{hundsdorfer2013numerical,
  title={Numerical Solution of Time-Dependent Advection-Diffusion-Reaction Equations},
  author={Hundsdorfer, Willem and Verwer, Jan G.},
  volume={33},
  year={2013},
  publisher={Springer Science \& Business Media}
}

@article{kass1988snakes,
	title={Snakes: Active contour models},
	author={Kass, Michael and Witkin, Andrew and Terzopoulos, Demetri},
	journal={International journal of computer vision},
	volume={1},
	number={4},
	pages={321--331},
	year={1988},
	publisher={Springer}
}

@article{kassam2005fourth,
  title={Fourth-order time-stepping for stiff {PDE}s},
  author={Kassam, Aly-Khan and Trefethen, Lloyd N.},
  journal={SIAM Journal on Scientific Computing},
  volume={26},
  number={4},
  pages={1214--1233},
  year={2005},
  publisher={SIAM}
}

@article{krahmer2012stable,
author={Krahmer, F. and Ward, R.},
journal={Image Processing, IEEE Transactions on},
title={Stable and Robust Sampling Strategies for Compressive Imaging},
year={2014},
volume={23},
number={2},
pages={612-622},
keywords={Fourier transforms;Haar transforms;compressed sensing;image 
reconstruction;image sampling;matrix algebra;minimisation;wavelet 
transforms;ℓ1-minimization;Fourier measurements;Fourier transform domains;Haar 
wavelet sparsity;bounded maximal coherence;compressive imaging;compressive 
sensing theory;frequency domain samples;image reconstructions;inverse square 
power-law density;local coherence framework;low-order frequencies;low-order 
wavelets;measurement noise;near-optimal embedding dimensions;optimal sparse 
recovery;restricted isometry property;robust sampling strategy;sensing 
vector;signal processing;sparsity defects;total variation minimization;variable 
density sampling strategy;wavelet transform domains;Coherence;Compressed 
sensing;Extraterrestrial measurements;Frequency measurement;Image 
reconstruction;Noise measurement;Vectors;Compressive 
imaging;frequency;incoherence;local coherence;variable density sampling},
doi={10.1109/TIP.2013.2288004},
ISSN={1057-7149},
month={Feb},}

@article{macdonald2009implicit,
	title={The implicit closest point method for the numerical solution of partial differential equations on surfaces},
	author={Macdonald, Colin B. and Ruuth, Steven J.},
	journal={SIAM Journal on Scientific Computing},
	volume={31},
	number={6},
	pages={4330--4350},
	year={2009},
	publisher={SIAM}
}

@article{moler2003nineteen,
  title={Nineteen dubious ways to compute the exponential of a matrix, twenty-five years later},
  author={Moler, Cleve and Van Loan, Charles},
  journal={SIAM Review},
  volume={45},
  number={1},
  pages={3--49},
  year={2003},
  publisher={SIAM}
}

@book{moler2004numerical,
  title={Numerical Computing with MATLAB},
  author={Moler, C.B.},
  isbn={9780898715606},
  lccn={2004045360},
  url={https://books.google.ca/books?id=-vPtcriflH0C},
  year={2004},
  publisher={Society for Industrial and Applied Mathematics}
}

@article{needell2013near,
title={Near-optimal compressed sensing guarantees for total variation 
minimization},
author={Needell, Deanna and Ward, Rachel},
journal={IEEE Transactions on Image Processing},
volume={22},
number={10},
pages={3941--3949},
year={2013}
}

@article{needell2013stable,
author = {Deanna Needell and Rachel Ward},
title = {Stable Image Reconstruction Using Total Variation Minimization},
journal = {SIAM Journal on Imaging Sciences},
volume = {6},
number = {2},
pages = {1035-1058},
year = {2013},
doi = {10.1137/120868281},
URL = {http://dx.doi.org/10.1137/120868281},
eprint = {http://dx.doi.org/10.1137/120868281}
}

@article{nguyen2014linear,
title={Linear Convergence of Stochastic Iterative Greedy Algorithms with Sparse 
Constraints},
author={Nguyen, Nam and Needell, Deanna and Woolf, Tina},
journal={arXiv preprint arXiv:1407.0088},
year={2014}
}

@inproceedings{norsett1969stable,
  title={An A-stable modification of the Adams-Bashforth methods},
  author={Norsett, Syvert P},
  booktitle={Conference on the numerical solution of differential equations},
  pages={214--219},
  year={1969},
  organization={Springer}
}

@article{oberman2011aniso,
 title={Numerical methods for smooth and crystalline mean curvature flow},
 author={Oberman, Adam and Osher, Stanley and Takei, Ryo and Tsai, Richard},
 journal={Communications in Mathematical Sciences},
 year={2011},
 pages={637--662},
 volume={9},
}

@article{papafitsoros2013combined,
  title={Combined first and second order total variation inpainting using split {B}regman},
  author={Papafitsoros, Konstantinos and Sch{\"o}nlieb, Carola-Bibiane and Sengul, Bati},
  journal={Image Processing On Line},
  volume={3},
  pages={112--136},
  year={2013}
}

@article{papafitsoros2014combined,
  title={A combined first and second order variational approach for image reconstruction},
  author={Papafitsoros, Konstantinos and Sch{\"o}nlieb, Carola--Bibiane},
  journal={Journal of mathematical imaging and vision},
  volume={48},
  number={2},
  pages={308--338},
  year={2014},
  publisher={Springer}
}

@article{patel2012gradient,
author={Patel, V.M. and Maleh, R. and Gilbert, A.C. and Chellappa, R.},
journal={Image Processing, IEEE Transactions on},
title={Gradient-Based Image Recovery Methods From Incomplete Fourier 
Measurements},
year={2012},
volume={21},
number={1},
pages={94-105},
keywords={Fourier transforms;Poisson distribution;image reconstruction;least 
squares approximations;magnetic resonance imaging;optimisation;synthetic 
aperture radar;GradientRec;TV image;compressive sensing points;generalized 
Poisson solver;gradient-based image recovery;horizontal gradients;image 
reconstruction;incomplete Fourier measurements;inherent sparsity;least square 
optimization;magnetic resonance imaging;medical image;sub-Nyquist 
sampling;synthetic aperture radar;total-variation minimization;vertical 
gradients;Image coding;Image edge detection;Image 
reconstruction;Minimization;Noise measurement;Optimization;TV;Compressed 
sensing;Fourier transforms;L1-minimization;Poisson solver;image 
reconstruction;sparse recovery;total variation (TV);Algorithms;Fourier 
Analysis;Humans;Image Enhancement;Image Interpretation, 
Computer-Assisted;Magnetic Resonance Imaging;Pattern Recognition, 
Automated;Reproducibility of Results;Sensitivity and Specificity},
doi={10.1109/TIP.2011.2159803},
ISSN={1057-7149},
month={Jan},}

@article{plemmons1977m,
	title={M-matrix characterizations. {I}--nonsingular M-matrices},
	author={Plemmons, Robert J},
	journal={Linear Algebra and its Applications},
	volume={18},
	number={2},
	pages={175--188},
	year={1977},
	publisher={Elsevier}
}

@article{poon2015tv,
author = {Clarice Poon},
title = {On the Role of Total Variation in Compressed Sensing},
journal = {SIAM Journal on Imaging Sciences},
volume = {8},
number = {1},
pages = {682-720},
year = {2015},
doi = {10.1137/140978569},
URL = { 
        http://dx.doi.org/10.1137/140978569},
eprint = { 
        http://dx.doi.org/10.1137/140978569   }
}

@article{ruuth2008simple,
  title={A simple embedding method for solving partial differential equations on surfaces},
  author={Ruuth, Steven J. and Merriman, Barry},
  journal={Journal of Computational Physics},
  volume={227},
  number={3},
  pages={1943--1961},
  year={2008},
  publisher={Elsevier}
}

@article{salac2008local,
	title={A local semi-implicit level-set method for interface motion},
	author={Salac, David and Lu, Wei},
	journal={Journal of Scientific Computing},
	volume={35},
	number={2-3},
	pages={330--349},
	year={2008},
	publisher={Springer}
}

@article{schonlieb2011unconditionally,
	title={Unconditionally stable schemes for higher order inpainting},
	author={Sch{\"o}nlieb, Carola-Bibiane and Bertozzi, Andrea},
	journal={Communications in Mathematical Sciences},
	pages={413--457},
	year={2011},
}

@article{shen2002mathematical,
  title={Mathematical models for local nontexture inpaintings},
  author={Shen, Jianhong and Chan, Tony F.},
  journal={SIAM Journal on Applied Mathematics},
  volume={62},
  number={3},
  pages={1019--1043},
  year={2002},
  publisher={SIAM}
}

@book{sidi2003practical,
  title={Practical {E}xtrapolation {M}ethods: Theory and {A}pplications},
  author={Sidi, Avram},
  isbn = {0521661595, 9780521661591},
  edition = {1st},
  publisher = {Cambridge University Press},
  address = {New York, NY, USA},
  year={2003},
}

@article{sidje1998expokit,
  title={Expokit: a software package for computing matrix exponentials},
  author={Sidje, Roger B.},
  journal={ACM Transactions on Mathematical Software (TOMS)},
  volume={24},
  number={1},
  pages={130--156},
  year={1998},
  publisher={ACM}
}

@article{simoncini2007recent,
  title={Recent computational developments in {K}rylov subspace methods for linear systems},
  author={Simoncini, Valeria and Szyld, Daniel B.},
  journal={Numerical Linear Algebra with Applications},
  volume={14},
  number={1},
  pages={1--59},
  year={2007},
  publisher={Wiley Online Library}
}

@article{smereka2003semi,
  title={Semi-implicit level set methods for curvature and surface diffusion motion},
  author={Smereka, Peter},
  journal={Journal of Scientific Computing},
  volume={19},
  number={1},
  pages={439--456},
  year={2003},
  publisher={Springer}
}

@book{strikwerda2004finite,
author = {Strikwerda, John C.},
title = {Finite Difference Schemes and Partial Differential Equations, Second Edition},
publisher = {Society for Industrial and Applied Mathematics},
year = {2004},
doi = {10.1137/1.9780898717938},
address = {},
edition   = {},
URL = {http://epubs.siam.org/doi/abs/10.1137/1.9780898717938},
eprint = {http://epubs.siam.org/doi/pdf/10.1137/1.9780898717938}
}

@article{sun2000dynamics,
	title={Dynamics and Coarsening of Interfaces for the Viscous {C}ahn--{H}illiard Equation in One Spatial Dimension},
	author={Sun, Xiaodi and Ward, Michael J.},
	journal={Studies in Applied Mathematics},
	volume={105},
	number={3},
	pages={203--234},
	year={2000},
	publisher={Wiley Online Library}
}

@book{trefethen2000spectral,
 author = {Trefethen, Lloyd N.},
 title = {Spectral Methods in MatLab},
 year = {2000},
 isbn = {0-89871-465-6},
 publisher = {Society for Industrial and Applied Mathematics},
 address = {Philadelphia, PA, USA},
} 

@misc{tvdenoisecode,
	title = {{Denoising by the ROF model in MATLAB}},
	howpublished =
	{\url{http://www.math.ucla.edu/~lvese/285j.1.05s/TV_L2.m}},
	note = {Accessed: 2020-01-18}
}

@misc{tvdenoisecodeexplained,
	title = {{Numerical discretization of the ROF model, time dependent semi-implicit discretization}},
	howpublished =
	{\url{http://www.math.ucla.edu/~lvese/285j.1.09f/ROFScheme_TimeDep.pdf}},
	note = {Accessed: 2020-03-7}
}

@incollection{vdHouwen1982on,
author={van der Houwen, P. J.},
editor={Watson, G. Alistair},
title={On the time integration of parabolic differential equations},
booktitle={Numerical Analysis: Proceedings of the 9th Biennial Conference Held at {D}undee, {S}cotland, {J}une 23--26, 1981},
year={1982},
publisher={Springer Berlin Heidelberg},
address={Berlin, Heidelberg},
pages={157--168},
isbn={978-3-540-39009-1},
doi={10.1007/BFb0093155},
url={http://dx.doi.org/10.1007/BFb0093155}
}

@article{vese2002multiphase,
	title={A multiphase level set framework for image segmentation using the Mumford and Shah model},
	author={Vese, Luminita A and Chan, Tony F},
	journal={International journal of computer vision},
	volume={50},
	number={3},
	pages={271--293},
	year={2002},
	publisher={Springer}
}


@misc{WinNT,
  title = {{MS Windows NT} Kernel Description},
  howpublished = 
{\url{
http://web.archive.org/web/20080207010024/http://www.808multimedia.com/winnt/ker
nel.htm}},
  note = {Accessed: 2010-09-30}
}



